@article{bib1,
  author = {Левенштейн, В. И.},
  title = {Двоичные коды с исправлением выпадений, вставок и замещений символов},
  journal = {Доклады АН СССР},
  volume = {163},
  pages = {845--848},
  year = {1965},
  note = {Дата обращения: 10.09.2024}
}
@book{bib2,
  author = {Прата, Стивен},
  title = {Язык программирования C. Лекции и упражнения},
  edition = {5-е издание},
  publisher = {Издательский дом "Вильяме"},
  year = {2013},
  pages = {960},
  note = {Парал. тит. англ., ISBN 978-5-8459-0986-4 (рус.)}
}
